<record><leader>00000cas a2200000 a 4500</leader><controlfield tag="001">28272081</controlfield><controlfield tag="008">930614d18791970iluwr ne      0   a0eng c</controlfield><datafield ind1=" " ind2=" " tag="010"><subfield code="a">sn 93055924 </subfield></datafield><datafield ind1=" " ind2=" " tag="040"><subfield code="a">NVF</subfield><subfield code="b">eng</subfield><subfield code="c">NVF</subfield><subfield code="d">OCLCQ</subfield><subfield code="d">CVF</subfield><subfield code="d">NVF</subfield><subfield code="d">OCLCQ</subfield><subfield code="d">NVF</subfield><subfield code="d">OCLCO</subfield><subfield code="d">OCLCF</subfield></datafield><datafield ind1="1" ind2=" " tag="029"><subfield code="a">AU@</subfield><subfield code="b">000025850042</subfield></datafield><datafield ind1=" " ind2=" " tag="042"><subfield code="a">pcc</subfield></datafield><datafield ind1=" " ind2=" " tag="043"><subfield code="a">n-us-il</subfield></datafield><datafield ind1="0" ind2=" " tag="130"><subfield code="a">Lanark gazette (Lanark, Ill.)</subfield></datafield><datafield ind1="1" ind2="4" tag="245"><subfield code="a">The Lanark gazette.</subfield></datafield><datafield ind1=" " ind2=" " tag="260"><subfield code="a">Lanark, Carroll Co., Ill. :</subfield><subfield code="b">Frank F. Livermore</subfield></datafield><datafield ind1=" " ind2=" " tag="300"><subfield code="a">v.</subfield></datafield><datafield ind1=" " ind2=" " tag="310"><subfield code="a">Weekly</subfield></datafield><datafield ind1="1" ind2=" " tag="362"><subfield code="a">Began in 1879.</subfield></datafield><datafield ind1="0" ind2=" " tag="362"><subfield code="a">-v. 107, no. 18 (Apr. 30, 1970).</subfield></datafield><datafield ind1=" " ind2=" " tag="515"><subfield code="a">Issues for &lt;Jan. 2, 1884&gt;-Feb. 5, 1908 called also &lt;whole no. 1030&gt;-2285.</subfield></datafield><datafield ind1=" " ind2=" " tag="580"><subfield code="a">Merged with: Chadwick review, and: Shannon reporter, and: Thomson review, to form: Carroll County review.</subfield></datafield><datafield ind1=" " ind2=" " tag="588"><subfield code="a">Description based on: Vol. 16, no. 39 (Dec. 19, 1879).</subfield></datafield><datafield ind1=" " ind2="0" tag="651"><subfield code="a">Lanark (Ill.)</subfield><subfield code="v">Newspapers.</subfield></datafield><datafield ind1=" " ind2="7" tag="655"><subfield code="a">Newspapers.</subfield><subfield code="2">fast</subfield><subfield code="0">(OCoLC)fst01423814</subfield></datafield><datafield ind1=" " ind2="7" tag="651"><subfield code="a">Illinois</subfield><subfield code="z">Lanark.</subfield><subfield code="2">fast</subfield><subfield code="0">(OCoLC)fst01926145</subfield></datafield><datafield ind1=" " ind2=" " tag="752"><subfield code="a">United States</subfield><subfield code="b">Illinois</subfield><subfield code="c">Carroll</subfield><subfield code="d">Lanark.</subfield></datafield><datafield ind1="0" ind2="0" tag="780"><subfield code="t">Carroll County gazette</subfield><subfield code="w">(DLC)sn 93055923</subfield><subfield code="w">(OCoLC)28271965</subfield></datafield><datafield ind1="1" ind2="7" tag="785"><subfield code="t">Chadwick review</subfield></datafield><datafield ind1="1" ind2="7" tag="785"><subfield code="t">Shannon reporter</subfield></datafield><datafield ind1="1" ind2="7" tag="785"><subfield code="t">Thomson review</subfield><subfield code="w">(DLC)sn 93055925</subfield><subfield code="w">(OCoLC)28272178</subfield></datafield><datafield ind1="1" ind2="7" tag="785"><subfield code="t">Carroll County review</subfield><subfield code="w">(DLC)sn 93055926</subfield><subfield code="w">(OCoLC)28272266</subfield></datafield></record>